@comment{Siehe http://en.wikibooks.org/wiki/LaTeX/Bibliography_Management#Standard_templates}

@book{fowler1997analysis,
  title={Analysis Patterns: Reusable Object Models},
  author={Fowler, M.},
  isbn={978-0201895421},
  lccn={96042988},
  series={Addison-Wesley Series in Object-Oriented Software Engineering},
  year={1997},
  publisher={Addison Wesley}
}

@book{gamma1995design,
  title={{Design patterns: elements of reusable object-oriented software}},
  author={Gamma, E. and Helm, R. and Johnson, R. and Vlissides, J.},
  volume={206},
  year={1995},
  publisher={Addison-wesley Reading, MA}
}


@booklet{LoeweInfInfra,
  title = 	 {Informationsinfrastrukturen},
  author = 	 {Prof. Dr. Michael LÃ¶we},
  address = 	 {FHDW Hannover, Freundalle 15, 30173 Hannover},
  month = 	 {3},
  year = 	 {2010}
}