@comment{Siehe http://en.wikibooks.org/wiki/LaTeX/Bibliography_Management#Standard_templates}

@book{melzer2010service,
  title={{Service-orientierte Architekturen mit Web Services: Konzepte-Standards-Praxis}},
  author={Melzer, I.},
  isbn={3827425492},
  year={2010},
  publisher={Springer}
}

@book{gamma1995design,
  title={{Design patterns: elements of reusable object-oriented software}},
  author={Gamma, E. and Helm, R. and Johnson, R. and Vlissides, J.},
  volume={206},
  year={1995},
  publisher={Addison-wesley Reading, MA}
}

@book{adams2001per,
  title={{Per Anhalter durch die Galaxis}},
  author={Adams, D. and Schwarz, B.},
  isbn={3453146972},
  year={2001},
  publisher={Heyne}
}