@comment{Siehe http://en.wikibooks.org/wiki/LaTeX/Bibliography_Management#Standard_templates}
