@comment{Siehe http://en.wikibooks.org/wiki/LaTeX/Bibliography_Management#Standard_templates}

@online{test95undso,
	title = {{Strategie für Datensicherung - Virtualisierung braucht andere Tools}},
	author = {{Wiehr, Hartmut}},
	month = dec,
	year = {2010},
	url = {http://www.cio.de/knowledgecenter/server/alles_zu_virtualisierung/2255974/}
}

@online{wiki:ordinalskala,
	title = {{Ordinalskala}},
	author = {{Wikipedia - Die freie Enzyklopädie}},
	month = jul,
	year = {2013},
	url = {https://de.wikipedia.org/wiki/Ordinalskala}
}

@online{wiki:kennzahl,
	title = {{Kennzahl}},
	author = {{Wikipedia - Die freie Enzyklopädie}},
	month = jul,
	year = {2013},
	url = {https://de.wikipedia.org/wiki/Kennzahl}
}

@online{wiki:kumhaeufigkeit,
	title = {{Kumulierte Häufigkeit}},
	author = {{Wikipedia - Die freie Enzyklopädie}},
	month = jul,
	year = {2013},
	url = {https://de.wikipedia.org/wiki/Kumulative_H%C3%A4ufigkeit}
}

@online{wiki:relhaeufigkeit,
	title = {{Relative Häufigkeit}},
	author = {{Wikipedia - Die freie Enzyklopädie}},
	month = jul,
	year = {2013},
	url = {https://de.wikipedia.org/wiki/Relative_H%C3%A4ufigkeit}
}

@online{wiki:quantil,
	title = {{Quantil}},
	author = {{Wikipedia - Die freie Enzyklopädie}},
	month = jul,
	year = {2013},
	url = {https://de.wikipedia.org/wiki/Quantil}
}




@online{wiki:nominalskala,
	title = {{Nominalskala}},
	author = {{Wikipedia - Die freie Enzyklopädie}},
	month = jul,
	year = {2013},
	url = {https://de.wikipedia.org/wiki/Nominalskala}
}

@online{gabler:ordinalskala,
	title = {{Ordinalskala}},
	author = {{Gabler Wirtschaftslexikon}},
	month = jul,
	year = {2013},
	url = {http://wirtschaftslexikon.gabler.de/Definition/ordinalskala.html}
}

@online{gabler:skalenniveau,
	title = {{Skalenniveau}},
	author = {{Gabler Wirtschaftslexikon}},
	month = jul,
	year = {2013},
	url = {http://wirtschaftslexikon.gabler.de/Definition/skalenniveau.html}
}

@online{gabler:nominalskala,
	title = {{Nominalskala}},
	author = {{Gabler Wirtschaftslexikon}},
	month = jul,
	year = {2013},
	url = {http://wirtschaftslexikon.gabler.de/Definition/nominalskala.html}
}
 
